% This file was created with JabRef 2.3.1.
% Encoding: Cp1252

@misc{nielsen,
title={Neural Networks and Deep Learning},
url={http://neuralnetworksanddeeplearning.com/chap4.html},
journal={Neural networks and deeplearning},
author={Nielsen, Michael A.},
year={2018}
}

@article{lecun-98,
original =    "orig/lecun-98.ps.gz",
author = 	"LeCun, Y. and Bottou, L. and Bengio, Y. and Haffner, P.",
title = 	"Gradient-Based Learning Applied to Document Recognition",
journal =	"Proceedings of the IEEE",
month =         "November",
volume =        "86",
number =        "11",
pages =         "2278-2324",
year =		1998
}

@misc{towards-data-science,
title={Gradient Descent in a Nutshell},
url={https://towardsdatascience.com/gradient-descent-in-a-nutshell-eaf8c18212f0},
journal={Towards Data Science},
author={Donges, Niklas},
year={2018}
}

@misc{tensorflow,
url={https://www.tensorflow.org/},
journal={TensorFlow},
year={2015}
}

@misc{neural-network-history,
url={https://cs.stanford.edu/people/eroberts/courses/soco/projects/neural-networks/History/history1.html},
journal={Cs.stanford.edu},
year={2014}
}

@misc{lecun-website,
title={MNIST handwritten digit database, Yann LeCun, Corinna Cortes and Chris Burges},
url={http://yann.lecun.com/exdb/mnist/},
journal={Yann.lecun.com},
author={Lecun, Yann},
year={2019}
}

@misc{fig:neuron_model,
url={https://camo.githubusercontent.com/0e433317a51ea67fb061925026ed3c1c3692cb35/68747470733a2f2f696e7369676874732e7365692e636d752e6564752f7365695f626c6f672f73657374696c6c695f646565706c6561726e696e675f6172746966696369616c6e6575726f6e332e706e67},
}

@misc{fig:sigmoid,
url={https://upload.wikimedia.org/wikipedia/commons/thumb/8/88/Logistic-curve.svg/320px-Logistic-curve.svg.png},
}

@misc{fig:neural_network_model,
url={https://upload.wikimedia.org/wikipedia/commons/thumb/4/46/Colored_neural_network.svg/1200px-Colored_neural_network.svg.png},
}

@misc{fig:mnist_incorrect,
url={https://www.researchgate.net/profile/Antonio_Zippo/publication/232906025/figure/fig3/AS:300525175230467@1448662193349/Sample-of-common-incorrect-classifications-on-MNIST-dataset-Numbers-in-the-upper-left-of.png}
}

@misc{fig:mnist,
url={https://upload.wikimedia.org/wikipedia/commons/2/27/MnistExamples.png}
}